[gd_scene load_steps=3 format=2]

[ext_resource path="res://InputFilterControl.gd" type="Script" id=1]
[ext_resource path="res://ItemListMock.gd" type="Script" id=2]

[node name="Root" type="Node"]

[node name="Control" type="Control" parent="."]
anchor_right = 1.0
anchor_bottom = 1.0
__meta__ = {
"_edit_use_anchors_": false
}

[node name="GridContainer" type="GridContainer" parent="Control"]
anchor_right = 1.0
anchor_bottom = 1.0
margin_left = 10.0
margin_top = 10.0
margin_right = -10.0
margin_bottom = -10.0
columns = 2
__meta__ = {
"_edit_use_anchors_": false
}

[node name="InputFilterControl" type="Control" parent="Control/GridContainer"]
margin_right = 500.0
margin_bottom = 288.0
size_flags_horizontal = 3
size_flags_vertical = 3
script = ExtResource( 1 )

[node name="VBoxContainer" type="VBoxContainer" parent="Control/GridContainer/InputFilterControl"]
anchor_right = 1.0
anchor_bottom = 1.0
__meta__ = {
"_edit_use_anchors_": false
}

[node name="Label" type="Label" parent="Control/GridContainer/InputFilterControl/VBoxContainer"]
margin_right = 500.0
margin_bottom = 14.0
text = "Player One"
align = 1

[node name="ItemList" type="ItemList" parent="Control/GridContainer/InputFilterControl/VBoxContainer"]
margin_top = 18.0
margin_right = 500.0
margin_bottom = 27.0
focus_mode = 0
auto_height = true
script = ExtResource( 2 )

[node name="ActiveItemLabel" type="Label" parent="Control/GridContainer/InputFilterControl/VBoxContainer"]
margin_top = 152.0
margin_right = 500.0
margin_bottom = 166.0
size_flags_vertical = 6
align = 1
valign = 1

[node name="InputFilterControl2" type="Control" parent="Control/GridContainer"]
margin_left = 504.0
margin_right = 1004.0
margin_bottom = 288.0
size_flags_horizontal = 3
size_flags_vertical = 3
script = ExtResource( 1 )
player_index = 1

[node name="VBoxContainer" type="VBoxContainer" parent="Control/GridContainer/InputFilterControl2"]
anchor_right = 1.0
anchor_bottom = 1.0
__meta__ = {
"_edit_use_anchors_": false
}

[node name="Label" type="Label" parent="Control/GridContainer/InputFilterControl2/VBoxContainer"]
margin_right = 500.0
margin_bottom = 14.0
text = "Player Two"
align = 1

[node name="ItemList" type="ItemList" parent="Control/GridContainer/InputFilterControl2/VBoxContainer"]
margin_top = 18.0
margin_right = 500.0
margin_bottom = 27.0
focus_mode = 0
auto_height = true
script = ExtResource( 2 )

[node name="ActiveItemLabel" type="Label" parent="Control/GridContainer/InputFilterControl2/VBoxContainer"]
margin_top = 152.0
margin_right = 500.0
margin_bottom = 166.0
size_flags_vertical = 6
align = 1
valign = 1

[node name="InputFilterControl3" type="Control" parent="Control/GridContainer"]
margin_top = 292.0
margin_right = 500.0
margin_bottom = 580.0
size_flags_horizontal = 3
size_flags_vertical = 3
script = ExtResource( 1 )
player_index = 2

[node name="VBoxContainer" type="VBoxContainer" parent="Control/GridContainer/InputFilterControl3"]
anchor_right = 1.0
anchor_bottom = 1.0
__meta__ = {
"_edit_use_anchors_": false
}

[node name="Label" type="Label" parent="Control/GridContainer/InputFilterControl3/VBoxContainer"]
margin_right = 500.0
margin_bottom = 14.0
text = "Player Three"
align = 1

[node name="ItemList" type="ItemList" parent="Control/GridContainer/InputFilterControl3/VBoxContainer"]
margin_top = 18.0
margin_right = 500.0
margin_bottom = 27.0
focus_mode = 0
auto_height = true
script = ExtResource( 2 )

[node name="ActiveItemLabel" type="Label" parent="Control/GridContainer/InputFilterControl3/VBoxContainer"]
margin_top = 152.0
margin_right = 500.0
margin_bottom = 166.0
size_flags_vertical = 6
align = 1
valign = 1

[node name="RichTextLabel" type="RichTextLabel" parent="Control/GridContainer"]
margin_left = 504.0
margin_top = 292.0
margin_right = 1004.0
margin_bottom = 580.0
bbcode_enabled = true
bbcode_text = "[center]
Demo of Local (Couch) Multiplayer UI Input

Instructions: Keys (below) or up to 3 Gamepad(s)

=Player 1=
Up - Cursor/Arrow Up key
Down - Cursor/Arrow Down key
Activate - Enter

=Player 2=
Up - W key
Down - S key
Activate - E key

=Player 3=
Up - I key
Down - K key
Activate - Space Bar[/center]"
text = "
Demo of Local (Couch) Multiplayer UI Input

Instructions: Keys (below) or up to 3 Gamepad(s)

=Player 1=
Up - Cursor/Arrow Up key
Down - Cursor/Arrow Down key
Activate - Enter

=Player 2=
Up - W key
Down - S key
Activate - E key

=Player 3=
Up - I key
Down - K key
Activate - Space Bar"
[connection signal="item_activated" from="Control/GridContainer/InputFilterControl/VBoxContainer/ItemList" to="Control/GridContainer/InputFilterControl/VBoxContainer/ItemList" method="_on_ItemList_item_activated"]
[connection signal="item_activated" from="Control/GridContainer/InputFilterControl2/VBoxContainer/ItemList" to="Control/GridContainer/InputFilterControl2/VBoxContainer/ItemList" method="_on_ItemList_item_activated"]
[connection signal="item_activated" from="Control/GridContainer/InputFilterControl3/VBoxContainer/ItemList" to="Control/GridContainer/InputFilterControl3/VBoxContainer/ItemList" method="_on_ItemList_item_activated"]
